@article{shu2016cardea,
  title={Cardea: Context-aware visual privacy protection from pervasive cameras},
  author={Shu, Jiayu and Zheng, Rui and Hui, Pan},
  journal={arXiv preprint arXiv:1610.00889},
  year={2016}
}

@inproceedings{dufaux2010framework,
  title={A framework for the validation of privacy protection solutions in video surveillance},
  author={Dufaux, Fr{\'e}d{\'e}ric and Ebrahimi, Touradj},
  booktitle={2010 IEEE International Conference on Multimedia and Expo},
  pages={66--71},
  year={2010},
  organization={IEEE}
}

@inproceedings{denning2014situ,
  title={In situ with bystanders of augmented reality glasses: Perspectives on recording and privacy-mediating technologies},
  author={Denning, Tamara and Dehlawi, Zakariya and Kohno, Tadayoshi},
  booktitle={Proceedings of the SIGCHI Conference on Human Factors in Computing Systems},
  pages={2377--2386},
  year={2014}
}

@inproceedings{lu2017privacy,
  title={Privacy protection in online multimedia},
  author={Lu, Yung-Hsiang and Cavallaro, Andrea and Crump, Catherine and Friedland, Gerald and Winstein, Keith},
  booktitle={Proceedings of the 25th ACM international conference on Multimedia},
  pages={457--459},
  year={2017}
}

@inproceedings{olteanu2018consensual,
  title={Consensual and privacy-preserving sharing of multi-subject and interdependent data},
  author={Olteanu, Alexandra-Mihaela and Huguenin, K{\'e}vin and Dacosta, Italo and Hubaux, J-P},
  booktitle={Proceedings of the 25th Network and Distributed System Security Symposium (NDSS)},
  pages={1--16},
  year={2018},
  organization={Internet Society}
}

@inproceedings{chinomi2008PriSurv,
  title={PriSurv: Privacy Protected Video Surveillance System Using Adaptive Visual Abstraction},
  author={Chinomi, Nitta and Ito, Babaguchi},
  booktitle={Advances in Multimedia Modeling},
  pages={144--154},
  year={2008},
  link={doi/10.1007/978-3-540-77409-9_14}
}

@inproceedings{sen2016ipic,
  title={I-Pic: A Platform for Privacy-Compliant Image Capture},
  author={Aditya, Sen and Druschel, Oh},
  year={2016},
  link={doi/10.1145/2906388.2906412}
}